@article{hassan,
    author = {Hassan, Zozo and Ali, Hesham and Badawy, Mahmoud},
    year = {2015},
    month = {10},
    pages = {975-8887},
    title = {Internet of Things (IoT): Definitions, Challenges, and Recent Research Directions},
    volume = {128},
    journal = {International Journal of Computer Applications}
}

@article{french2016digital,
    title={The digital revolution: Internet of Things, 5G, and beyond},
    author={French, Aaron M and Shim, Jung P},
    journal={Communications of the Association for Information Systems},
    volume={38},
    number={1},
    pages={40},
    year={2016}
}

@article{ashton,
    title={That 'Internet of Things' Thing: In the real world, things matter more than ideas.},
    author={Kevin Ashton},
    journal={RFID Journal},
    year={2009}
}

@INPROCEEDINGS{suresh,
    author={P. {Suresh} and J. V. {Daniel} and V. {Parthasarathy} and R. H. {Aswathy}},
    booktitle={2014 International Conference on Science Engineering and Management Research (ICSEMR)},
    title={A state of the art review on the Internet of Things (IoT) history, technology and fields of deployment},
    year={2014},
    pages={1-8},
    doi={10.1109/ICSEMR.2014.7043637}
}

@book{gartner:covid,
    title     = {Gartner Survey Reveals 47\% of Organizations Will Increase Investments in IoT Despite the Impact of COVID-19},
    author    = {Laurence Goasduff},
    year      = {2020},
    publisher = {Gartner Inc.},
    address   = {Stamford, Connecticut, USA}
}

@misc{mordor,
    title = {IoT Analytics Market - Growth, Trends, COVID-19 Impact, and Forecasts (2021 - 2026)},
    author = {Mordor Intelligence},
    url = "\url{https://www.mordorintelligence.com/industry-reports/iot-analytics-market}",
    month = {12},
    year = {2020}
}

@misc{aeris,
    title = {What is IoT? Defining the Internet of Things (IoT)},
    author = {Aeris India},
    url = "\url{https://www.aeris.com/in/what-is-iot}",
    month = {04},
    year = {2020}
}

@misc{marlabs,
    title = {Stages of “Internet of Things” Architecture},
    author = {Meenakshi Sharma},
    url = "\url{https://www.marlabs.com/blog-stages-of-iot-architecture}",
    month = {09},
    year = {2019}
}

@misc{digi,
    title = {The 4 Stages of IoT Architecture},
    author = {Alec Jahnke, Sales Engineer, Digi International},
    url = "\url{https://www.digi.com/blog/post/the-4-stages-of-iot-architecture}",
    month = {07},
    year = {2020}
}